@misc{li2024tacklingabstractionreasoningcorpus,
  title         = {Tackling the Abstraction and Reasoning Corpus with Vision Transformers: the Importance of 2D Representation, Positions, and Objects},
  author        = {Wenhao Li and Yudong Xu and Scott Sanner and Elias Boutros Khalil},
  year          = {2024},
  eprint        = {2410.06405},
  archiveprefix = {arXiv},
  primaryclass  = {cs.CV},
  url           = {https://arxiv.org/abs/2410.06405}
}

@misc{rearc,
  title         = {Addressing the Abstraction and Reasoning Corpus via Procedural Example Generation},
  author        = {Michael Hodel},
  year          = {2024},
  eprint        = {2404.07353},
  archiveprefix = {arXiv},
  primaryclass  = {cs.LG},
  url           = {https://arxiv.org/abs/2404.07353}
}

@misc{mindsai,
  title  = {Dataset-Induced Meta-Learning (and other tricks): Improving model efficiency on ARC},
  author = {Jack Cole and Mohamed Osman},
  year   = {2023},
  url    = {https://lab42.global/community-model-efficiency/}
}

@misc{ttt,
  title  = {The Surprising Effectiveness of Test-Time Training for Abstract Reasoning},
  author = {Ekin Akyürek and Mehul Damani and Linlu Qiu and Han Guo and Yoon Kim and Jacob Andreas},
  year   = {2024},
  url    = {https://ekinakyurek.github.io/papers/ttt.pdf}
}

@misc{barc,
  title         = {Combining Induction and Transduction for Abstract Reasoning},
  author        = {Wen-Ding Li and Keya Hu and Carter Larsen and Yuqing Wu and Simon Alford and Caleb Woo and Spencer M. Dunn and Hao Tang and Michelangelo Naim and Dat Nguyen and Wei-Long Zheng and Zenna Tavares and Yewen Pu and Kevin Ellis},
  year          = {2024},
  eprint        = {2411.02272},
  archiveprefix = {arXiv},
  primaryclass  = {cs.LG},
  url           = {https://arxiv.org/abs/2411.02272}
}


@misc{barcheavy,
  title  = {BARC Heavy},
  author = {Wen-Ding Li and Keya Hu and Carter Larsen and Yuqing Wu and Simon Alford and Caleb Woo and Spencer M. Dunn and Hao Tang and Michelangelo Naim and Dat Nguyen and Wei-Long Zheng and Zenna Tavares and Yewen Pu and Kevin Ellis},
  year   = {2024},
  url    = {https://huggingface.co/datasets/barc0/200k_HEAVY_gpt4o-description-gpt4omini-code_generated_problems}
}

@misc{dosovitskiy2021imageworth16x16words,
  title         = {An Image is Worth 16x16 Words: Transformers for Image Recognition at Scale},
  author        = {Alexey Dosovitskiy and Lucas Beyer and Alexander Kolesnikov and Dirk Weissenborn and Xiaohua Zhai and Thomas Unterthiner and Mostafa Dehghani and Matthias Minderer and Georg Heigold and Sylvain Gelly and Jakob Uszkoreit and Neil Houlsby},
  year          = {2021},
  eprint        = {2010.11929},
  archiveprefix = {arXiv},
  primaryclass  = {cs.CV},
  url           = {https://arxiv.org/abs/2010.11929}
}

@misc{modal,
  title  = {Modal: Serverless cloud infrastructure for AI, ML, and data applications},
  author = {Modal Labs},
  year   = {2024},
  url    = {https://modal.com/}
}


@misc{arc,
  title         = {On the Measure of Intelligence},
  author        = {François Chollet},
  year          = {2019},
  eprint        = {1911.01547},
  archiveprefix = {arXiv},
  primaryclass  = {cs.AI},
  url           = {https://arxiv.org/abs/1911.01547}
}

@misc{arcprize2024,
  author       = {Francois Chollet and Mike Knoop and Bryan Landers and Greg Kamradt and Hansueli Jud and Walter Reade and Addison Howard},
  title        = {ARC Prize 2024},
  year         = {2024},
  howpublished = {https://kaggle.com/competitions/arc-prize-2024},
  note         = {Kaggle}
}

@misc{maml,
  title         = {Model-Agnostic Meta-Learning for Fast Adaptation of Deep Networks},
  author        = {Chelsea Finn and Pieter Abbeel and Sergey Levine},
  year          = {2017},
  eprint        = {1703.03400},
  archiveprefix = {arXiv},
  primaryclass  = {cs.LG},
  url           = {https://arxiv.org/abs/1703.03400}
}